@book{DBLP:books/sp/Serazzi24,
  author       = {Giuseppe Serazzi},
  title        = {Performance Engineering - Learning Through Applications Using {JMT}},
  publisher    = {Springer},
  year         = {2024},
  url          = {https://doi.org/10.1007/978-3-031-36763-2},
  doi          = {10.1007/978-3-031-36763-2},
  isbn         = {978-3-031-36762-5},
  timestamp    = {Wed, 01 Nov 2023 08:59:38 +0100},
  biburl       = {https://dblp.org/rec/books/sp/Serazzi24.bib},
  bibsource    = {dblp computer science bibliography, https://dblp.org}
}

@book{des,
  author       = {Lawrence M. Leemis, Stephen K. Park },
  title        = {Discrete-Event Simulation: A First Course},
  publisher    = {Prentice Hall},
  year         = {2004},
  url          = {https://www.math.wm.edu/~leemis/},
  doi          = {},
  isbn         = {0-13-142917-5},
  timestamp    = {},
  biburl       = {},
  bibsource    = {}
}
